@Book{ISTL,
  author = {Markus Blatt and Peter Bastian},
  title = {The Iterative Solver Template Library},
  booktitle = {Applied Parallel Computing. State of the Art in Scientific Computing},
  editor = {Bo K\r{a}gstr\"om and Erik Elmroth and Jack Dongarra and Jerzy Wa\'sniewski},
  year = 2007,
  volume = 4699,
  series = {Lecture Notes in Computer Science},
  publisher = {Springer},
  pdf = {http://elib.uni-stuttgart.de/opus/volltexte/2006/2839/pdf/TR_2006_08.pdf},
  pages = {666--675}
}
@Article{ISTLParallel,
  author = {Markus Blatt and Peter Bastian},
  title = {On the Generic Parallelisation of Iterative Solvers for the Finite Element Method},
  journal = {Int. J. Comput. Sci. Engrg.},
  volume = {4},
  number = {1},
  pages = {56--69},
  url = {http://portal.acm.org/citation.cfm?id=1457168.1457174},
  doi = {10.1504/IJCSE.2008.021112},
  year = 2008
}
@Article{dunegridpaperI08,
  author = {Bastian, P. and Blatt, M. and Dedner, A. and Engwer, C. and  Kl\"ofkorn, R. and Ohlberger, M. and Sander, O.},
  title = {{A Generic Grid Interface for Parallel and Adaptive Scientific Computing. Part {I}: Abstract Framework}},
  journal = {Computing},
  volume = {82},
  number = {2--3},
  pages = {103--119},
  year = {2008},
  doi = {http://www.springerlink.com/content/4v77662363u41534/},
  pdf = {http://www.matheon.de/preprints/4556_gridpaper_part1.pdf}
}
@Article{dunegridpaperII08,
  author = {Bastian, P. and Blatt, M. and Dedner, A. and Engwer, C. and Kl\"ofkorn, R. and Kornhuber, R. and Ohlberger, M. and Sander, O.},
  title = {{A Generic Grid Interface for Parallel and Adaptive Scientific Computing. Part {II}: Implementation and Tests in {DUNE}}},
  journal = {Computing},
  volume = {82},
  number = {2--3},
  pages = {121--138},
  year = {2008},
  doi = {http://www.springerlink.com/content/gn177r643q2168g7/},
  pdf = {http://www.matheon.de/preprints/4558_gridpaper_part2.pdf}
}
@Misc{dune-web-page,
  author = {Bastian, P. and Blatt, M. and Dedner, A. and Engwer, Ch. and Fahlke, J. and Gr{\"a}ser, C. and Kl{\"o}fkorn, R. and Nolte, M. and Ohlberger, M. and Sander, O.},
  title = {{DUNE} {W}eb page},
  note = {http://www.dune-project.org},
  year = {2011}
}
@Article{dunefempaper10,
  author = {Dedner, A. and  Kl\"ofkorn, R. and Nolte, M. and Ohlberger, M.},
  title = {{A Generic Interface for Parallel and Adaptive Scientific Computing: Abstraction Principles and the DUNE-FEM Module}},
  journal = {Computing},
  volume = {90},
  number = {3--4},
  pages = {165--196},
  year = {2010},
  doi = {http://www.springerlink.com/content/vj103u6079861001/},
  pdf = {http://aam.mathematik.uni-freiburg.de/IAM/homepages/robertk/postscript/dkno_dunefempreprint.pdf}
}
@Misc{dunefem-web-page,
  author = {Dedner, A. and Kl{\"o}fkorn, R. and Nolte, M. and Ohlberger, M.},
  title = {{DUNE-FEM} {W}eb page},
  note = {http://dune.mathematik.uni-freiburg.de},
  year = {2011}
}
@Misc{alugrid,
  title = {{ALUG}rid {L}ibrary. \url{http://mathematik.uni-freiburg.de/IAM/Research/alugrid/}},
  url = {http://mathematik.uni-freiburg.de/IAM/Research/alugrid/}
}
@article {GeuzaineR09,
    AUTHOR = {Geuzaine, Christophe and Remacle, Jean-Fran{\c{c}}ois},
     TITLE = {Gmsh: {A} 3-{D} finite element mesh generator with built-in pre- and post-processing facilities},
   JOURNAL = {Internat. J. Numer. Methods Engrg.},
  FJOURNAL = {International Journal for Numerical Methods in Engineering},
    VOLUME = {79},
      YEAR = {2009},
    NUMBER = {11},
     PAGES = {1309--1331},
      ISSN = {0029-5981},
     CODEN = {IJNMBH},
   MRCLASS = {65N50},
  MRNUMBER = {2566786 (2010j:65262)},
       DOI = {10.1002/nme.2579},
       URL = {http://dx.doi.org/10.1002/nme.2579},
}
@Misc{Ilmanen98,
  author ={T. Ilmanen}, 
  year = {1998},
  title = {Lectures on Mean Curvature Flow and Related Equations}, 
  url = {http://e-collection.library.ethz.ch/eserv/eth:25006/eth-25006-01.pdf}.
}
@Article{Huisken84,
    AUTHOR = {Huisken, Gerhard},
     TITLE = {Flow by mean curvature of convex surfaces into spheres},
   JOURNAL = {J. Differential Geom.},
  FJOURNAL = {Journal of Differential Geometry},
    VOLUME = {20},
      YEAR = {1984},
    NUMBER = {1},
     PAGES = {237--266},
      ISSN = {0022-040X},
     CODEN = {JDGEAS},
   MRCLASS = {53C45 (49F05 58F17)},
  MRNUMBER = {772132 (86j:53097)},
MRREVIEWER = {R. Schneider},
       URL = {http://projecteuclid.org/euclid.jdg/1214438998},
}

